% Use https://mathscinet.ams.org/mrlookup to find bibtex data for published articles
% Other websites such as google scholar also provide bibtex data
% Choose "BibTex" format on the website before you search
% The first parameter in each BibTex entry
% (for example Tverberg:1996tb) is the cite key for you article

@inproceedings{lerch2019lazy,
  title={A lazy-constraints approach to resource-constrained project scheduling},
  author={Lerch, Dennis and Trautmann, Norbert},
  booktitle={2019 IEEE International Conference on Industrial Engineering and Engineering Management (IEEM)},
  pages={144--148},
  year={2019},
  organization={IEEE}
}

@Misc{Gurobi,
note = {\url{https://www.gurobi.com/documentation/}},
title = {Gurobi documents}
}

@article{miller1960integer,
  title={Integer programming formulation of traveling salesman problems},
  author={Miller, Clair E and Tucker, Albert W and Zemlin, Richard A},
  journal={Journal of the ACM (JACM)},
  volume={7},
  number={4},
  pages={326--329},
  year={1960},
  publisher={ACM New York, NY, USA}
}

@inproceedings{lundell2019integration,
  title={Integration of polyhedral outer approximation algorithms with MIP solvers through callbacks and lazy constraints},
  author={Lundell, Andreas and Kronqvist, Jan},
  booktitle={AIP Conference Proceedings},
  volume={2070},
  number={1},
  pages={020012},
  year={2019},
  organization={AIP Publishing LLC}
}

@article{viegas2009lazy,
  title={Lazy constraint imposing for improving the path constraint},
  author={Viegas, Ruben Duarte and Azevedo, Francisco},
  journal={Electronic Notes in Theoretical Computer Science},
  volume={253},
  number={4},
  pages={113--128},
  year={2009},
  publisher={Elsevier}
}

@article{pearce2019towards,
  title={Towards a general formulation of lazy constraints},
  author={Pearce, Robin Harris},
  year={2019}
}
